Beitrag in einer Zeitschrift
@article{ndic,
  author = {W. Diffie, M. E. Hellman},
  title = {New Directions in Cryptography},
  journal = {IEEE Transactions on Information Theory},
  volume = {22},
  number = {6},
  year = {1976},
  pages = {644–654}
}
Buch
@book{krsog,
  author = {Steve Burnett Stephen Paine},
  title = {Kryptographie RSA Security’s Official Guide},
  year = {2001},
  edition = {1. Auflage},
  publisher = {mitp-Verlag}
}
Buch
@book{gb,
  author = {Simon Singh},
  title = {Geheime Botschaften},
  year = {2001},
  edition = {4. Auflage},
  publisher = {dtv}
}
Buch
@book{ak,
  author = {Reinhard Wobst},
  title = {Abenteuer Kryptologie},
  year = {2003},
  edition = {3. Auflage},
  publisher = {Addison-Wesley}
}



Beitrag im Berichtsband einer Konferenz
@inproceedings{DBLP:conf/pkc/BernhardFW16,
  author    = {David Bernhard and
               Marc Fischlin and
               Bogdan Warinschi},
  title     = {On the Hardness of Proving CCA-Security of Signed ElGamal},
  booktitle = {Public-Key Cryptography - {PKC} 2016 - 19th {IACR} International Conference
               on Practice and Theory in Public-Key Cryptography, Taipei, Taiwan,
               March 6-9, 2016, Proceedings, Part {I}},
  pages     = {47--69},
  year      = {2016},
  crossref  = {DBLP:conf/pkc/2016-1},
  url       = {http://dx.doi.org/10.1007/978-3-662-49384-7_3},
  doi       = {10.1007/978-3-662-49384-7_3},
  timestamp = {Tue, 23 Feb 2016 19:46:27 +0100},
  biburl    = {http://dblp.uni-trier.de/rec/bib/conf/pkc/BernhardFW16},
  bibsource = {dblp computer science bibliography, http://dblp.org}
}

